<?xml version="1.0" encoding="UTF-8"?><collection xmlns="http://www.loc.gov/MARC21/slim"><record><leader>00444nam--2200145-i-4500</leader><controlfield tag="001">000020283</controlfield><controlfield tag="002">20161230</controlfield><controlfield tag="005">20161230201033</controlfield><controlfield tag="008">060222s1000------------r-----000-0-eng-d</controlfield><datafield ind1=" " ind2=" " tag="080"><subfield code="a">532.5</subfield></datafield><datafield ind1=" " ind2=" " tag="100"><subfield code="a">Forster, Dieter</subfield></datafield><datafield ind1=" " ind2=" " tag="245"><subfield code="a">Hydrodynamic fluctuations, broken symmetry, and correlation functions</subfield></datafield><datafield ind1=" " ind2=" " tag="260"><subfield code="a">London, W.A.Benjamin, Inc., 1975. Xix + 326 P</subfield></datafield><datafield ind1=" " ind2=" " tag="490"><subfield code="a">Frontiers In Physics, Lecture Notes And Reprint Series</subfield></datafield><datafield ind1=" " ind2=" " tag="852"><subfield code="a">77631</subfield></datafield></record></collection>